@inproceedings{keller:hal-00730913,
  TITLE = {{Parametricity in an Impredicative Sort}},
  AUTHOR = {Keller, Chantal and Lasson, Marc},
  URL = {https://hal.inria.fr/hal-00730913},
  BOOKTITLE = {{CSL - 26th International Workshop/21st Annual Conference of the EACSL - 2012}},
  ADDRESS = {Fontainebleau, France},
  EDITOR = {Patrick C{\'e}gielski and Arnaud Durand},
  PUBLISHER = {{Schloss Dagstuhl - Leibniz-Zentrum fuer Informatik}},
  SERIES = {CSL},
  VOLUME = {16},
  PAGES = {381-395},
  YEAR = {2012},
  MONTH = Sep,
  DOI = {10.4230/LIPIcs.CSL.2012.399},
  KEYWORDS = {Calculus of Inductive Constructions ; parametricity ; impredicativity ; Coq ; universes},
  PDF = {https://hal.inria.fr/hal-00730913/file/paramath.pdf},
  HAL_ID = {hal-00730913},
  HAL_VERSION = {v1},
}
@inproceedings{Wadler:1989:TF:99370.99404,
 author = {Wadler, Philip},
 title = {Theorems for Free!},
 booktitle = {Proceedings of the Fourth International Conference on Functional Programming Languages and Computer Architecture},
 series = {FPCA '89},
 year = {1989},
 isbn = {0-89791-328-0},
 location = {Imperial College, London, United Kingdom},
 pages = {347--359},
 numpages = {13},
 url = {http://doi.acm.org/10.1145/99370.99404},
 doi = {10.1145/99370.99404},
 acmid = {99404},
 publisher = {ACM},
 address = {New York, NY, USA},
} 

@phdthesis{sacchini:pastel-00622429,
  TITLE = {{On type-based termination and dependent pattern matching in the calculus of inductive constructions}},
  AUTHOR = {Sacchini, Jorge Luis},
  URL = {https://pastel.archives-ouvertes.fr/pastel-00622429},
  NUMBER = {2011ENMP0022},
  SCHOOL = {{{\'E}cole Nationale Sup{\'e}rieure des Mines de Paris}},
  YEAR = {2011},
  MONTH = Jun,
  KEYWORDS = {Type-based termination ; d{\'e}pendent types ; pattern matching ; calculus of inductive constructions ; Terminaison bas{\'e}e sur les types ; types d{\'e}pendants ; filtrage par motifs ; calcul des constructions inductives},
  TYPE = {Theses},
  PDF = {https://pastel.archives-ouvertes.fr/pastel-00622429/file/21076_SACCHINI_2011_archivage.pdf},
  HAL_ID = {pastel-00622429},
  HAL_VERSION = {v1},
}

